@inproceedings{gjoka,
  title={Walking in Facebook: A Case Study of Unbiased Sampling of OSNs},
  author={Gjoka, Minas and Kurant, Maciej and Butts, Carter T and Markopoulou, Athina},
  booktitle={INFOCOM},
  pages={1--9},
  year={2010}
}